
@article{sae1,
author = {Elbers, Chris and Lanjouw, Jean O. and Lanjouw, Peter},
title = {Micro–Level Estimation of Poverty and Inequality},
journal = {Econometrica},
volume = {71},
number = {1},
pages = {355-364},
year = 2003
}

@article{sae-appraisal,
author = "Ghosh, M. and Rao, J. N. K.",
fjournal = "Statistical Science",
journal = "Statist. Sci.",
month = "02",
number = "1",
pages = "55--76",
publisher = "The Institute of Mathematical Statistics",
title = "Small Area Estimation: An Appraisal",
volume = "9",
year = "1994"
}

@article{FHmodel,
author = {Robert E. Fay and Roger A. Herriot },
title = {Estimates of Income for Small Places: An Application of James-Stein Procedures to Census Data},
journal = {Journal of the American Statistical Association},
volume = {74},
number = {366a},
pages = {269-277},
year  = {1979},
publisher = {Taylor & Francis}
}

@article{EBmethod,
author = {Molina, Isabel and Morales, Domingo},
year = {2010},
month = {01},
pages = {},
title = {Small area estimation of poverty indicators},
booktitle = {BEIO, Boletín de Estadística e Investigación Operativa, ISSN 1889-3805, Vol. 25, Nº. 3, 2009, pags. 218-225}
}

@article{hBproposal,
author = "Molina, Isabel and Nandram, Balgobin and Rao, J. N. K.",
fjournal = "The Annals of Applied Statistics",
journal = "Ann. Appl. Stat.",
month = "06",
number = "2",
pages = "852--885",
publisher = "The Institute of Mathematical Statistics",
title = "Small area estimation of general parameters with application to poverty indicators: A hierarchical Bayes approach",
volume = "8",
year = "2014"
}

@article{SAEcomparison,
author = {Guadarrama Sanz, María and Molina, Isabel and Rao, J.N.K.},
year = {2016},
month = {03},
pages = {41-66 and 156 and 158},
title = {A comparison of small area estimation methods for poverty mapping},
volume = {17},
booktitle = {Statistics in Transition. New Series}
}

@Article{molina-marhuenda:2015,
    author = {Isabel Molina and Yolanda Marhuenda},
    title = {{sae}: An {R} Package for Small Area Estimation},
    journal = {The R Journal},
    year = {2015},
    volume = {7},
    number = {1},
    pages = {81--98},
  }
  
@book{Wickham:2015:RP:2904414,
 author = {Wickham, Hadley},
 title = {R Packages},
 year = {2015},
 edition = {1st},
 publisher = {O'Reilly Media, Inc.},
} 

@Article{Rcpp,
    title = {{Extending R with C++: A Brief Introduction
      to Rcpp}},
    author = {Dirk Eddelbuettel and James Joseph Balamuta},
    journal = {PeerJ Preprints},
    year = {2017},
    month = {08},
    volume = {5},
    pages = {e3188v1},
  }
  
@book{openMP,
 author = {Chandra, Robit and Dagum, Leonardo and Kohr, Dave and Maydan, Dror and McDonald, Jeff and Menon, Ramesh},
 title = {Parallel Programming in OpenMP},
 year = {2001},
 publisher = {Morgan Kaufmann Publishers Inc.},
 address = {San Francisco, CA, USA},
} 

@Article{bigstatsr,
    title = {Efficient management and analysis of large-scale
      genome-wide data with two R packages: bigstatsr and bigsnpr},
    author = {Florian Priv\'e and Hugues Aschard and Michael G.B.
      Blum},
    journal = {bioRxiv},
    year = {2017},
    publisher = {Cold Spring Harbor Laboratory},
  }